@article{venable2016large,
  title={Large scale image aided navigation},
  author={Venable, Donald T and Raquet, John F},
  journal={IEEE Transactions on Aerospace and Electronic Systems},
  volume={52},
  number={6},
  pages={2849--2860},
  year={2016},
  publisher={IEEE}
}

@article{muja2009flann,
  title={Flann-fast library for approximate nearest neighbors user manual},
  author={Muja, Marius and Lowe, David},
  journal={Computer Science Department, University of British Columbia, Vancouver, BC, Canada},
  year={2009}
}


